<?xml version="1.0" encoding="UTF-8"?><collection xmlns="http://www.loc.gov/MARC21/slim"><record><leader>00333nam--2200109-i-4500</leader><controlfield tag="001">000025287</controlfield><controlfield tag="002">20161230</controlfield><controlfield tag="005">20161230201035</controlfield><controlfield tag="008">060222s1000------------r-----000-0-eng-d</controlfield><datafield ind1=" " ind2=" " tag="245"><subfield code="a">Instalatie simpla pentru protectia transformatoarelor de putere mare contra defectelor interne</subfield></datafield><datafield ind1=" " ind2=" " tag="260"><subfield code="a">Bucuresti, Idt., 1959 14p. + 11 Fig</subfield></datafield><datafield ind1=" " ind2=" " tag="852"><subfield code="a">6147</subfield></datafield></record></collection>